%YAML 1.1
%TAG !u! tag:unity3d.com,2011:
--- !u!29 &1
SceneSettings:
  m_ObjectHideFlags: 0
  m_PVSData: 
  m_PVSObjectsArray: []
  m_PVSPortalsArray: []
  m_OcclusionBakeSettings:
    smallestOccluder: 5
    smallestHole: .25
    backfaceThreshold: 100
--- !u!104 &2
RenderSettings:
  m_Fog: 0
  m_FogColor: {r: .5, g: .5, b: .5, a: 1}
  m_FogMode: 3
  m_FogDensity: .00999999978
  m_LinearFogStart: 0
  m_LinearFogEnd: 300
  m_AmbientLight: {r: .200000003, g: .200000003, b: .200000003, a: 1}
  m_SkyboxMaterial: {fileID: 0}
  m_HaloStrength: .5
  m_FlareStrength: 1
  m_FlareFadeSpeed: 3
  m_HaloTexture: {fileID: 0}
  m_SpotCookie: {fileID: 0}
  m_ObjectHideFlags: 0
--- !u!127 &3
LevelGameManager:
  m_ObjectHideFlags: 0
--- !u!157 &4
LightmapSettings:
  m_ObjectHideFlags: 0
  m_LightProbes: {fileID: 0}
  m_Lightmaps: []
  m_LightmapsMode: 1
  m_BakedColorSpace: 0
  m_UseDualLightmapsInForward: 0
  m_LightmapEditorSettings:
    m_Resolution: 50
    m_LastUsedResolution: 0
    m_TextureWidth: 1024
    m_TextureHeight: 1024
    m_BounceBoost: 1
    m_BounceIntensity: 1
    m_SkyLightColor: {r: .860000014, g: .930000007, b: 1, a: 1}
    m_SkyLightIntensity: 0
    m_Quality: 0
    m_Bounces: 1
    m_FinalGatherRays: 1000
    m_FinalGatherContrastThreshold: .0500000007
    m_FinalGatherGradientThreshold: 0
    m_FinalGatherInterpolationPoints: 15
    m_AOAmount: 0
    m_AOMaxDistance: .100000001
    m_AOContrast: 1
    m_LODSurfaceMappingDistance: 1
    m_Padding: 0
    m_TextureCompression: 0
    m_LockAtlas: 0
--- !u!196 &5
NavMeshSettings:
  m_ObjectHideFlags: 0
  m_BuildSettings:
    agentRadius: .5
    agentHeight: 2
    agentSlope: 45
    agentClimb: .400000006
    ledgeDropHeight: 0
    maxJumpAcrossDistance: 0
    accuratePlacement: 0
    minRegionArea: 2
    widthInaccuracy: 16.666666
    heightInaccuracy: 10
  m_NavMesh: {fileID: 0}
--- !u!1 &147815022
GameObject:
  m_ObjectHideFlags: 0
  m_PrefabParentObject: {fileID: 100002, guid: ce816f2e6abb0504092c23ed9b970dfd, type: 2}
  m_PrefabInternal: {fileID: 466148478}
  serializedVersion: 4
  m_Component:
  - 4: {fileID: 147815023}
  - 20: {fileID: 147815027}
  - 124: {fileID: 147815026}
  - 114: {fileID: 147815025}
  - 114: {fileID: 147815024}
  m_Layer: 8
  m_Name: CameraLeft
  m_TagString: MainCamera
  m_Icon: {fileID: 0}
  m_NavMeshLayer: 0
  m_StaticEditorFlags: 0
  m_IsActive: 1
--- !u!4 &147815023
Transform:
  m_ObjectHideFlags: 0
  m_PrefabParentObject: {fileID: 400004, guid: ce816f2e6abb0504092c23ed9b970dfd, type: 2}
  m_PrefabInternal: {fileID: 466148478}
  m_GameObject: {fileID: 147815022}
  m_LocalRotation: {x: 0, y: 0, z: 0, w: 1}
  m_LocalPosition: {x: 0, y: 0, z: 0}
  m_LocalScale: {x: 1, y: 1, z: 1}
  m_Children: []
  m_Father: {fileID: 1441767341}
--- !u!114 &147815024
MonoBehaviour:
  m_ObjectHideFlags: 0
  m_PrefabParentObject: {fileID: 11400006, guid: ce816f2e6abb0504092c23ed9b970dfd,
    type: 2}
  m_PrefabInternal: {fileID: 466148478}
  m_GameObject: {fileID: 147815022}
  m_Enabled: 1
  m_EditorHideFlags: 0
  m_Script: {fileID: 11500000, guid: f5be85f8438ca3145aac56e800a217cf, type: 3}
  m_Name: 
  m_EditorClassIdentifier: 
  material: {fileID: 2100000, guid: fa77fe97b0170804ab2b486d1cf3042f, type: 2}
  _Center: {x: .5, y: .5}
  _ScaleIn: {x: 1, y: 1}
  _Scale: {x: 1, y: 1}
  _HmdWarpParam: {x: 1, y: 0, z: 0, w: 0}
  material_CA: {fileID: 2100000, guid: 700ec7db7ac6ff24f9f4a3d4cd157910, type: 2}
  _ChromaticAberration: {x: .995999992, y: .991999984, z: 1.01400006, w: 1.01400006}
--- !u!114 &147815025
MonoBehaviour:
  m_ObjectHideFlags: 0
  m_PrefabParentObject: {fileID: 11400004, guid: ce816f2e6abb0504092c23ed9b970dfd,
    type: 2}
  m_PrefabInternal: {fileID: 466148478}
  m_GameObject: {fileID: 147815022}
  m_Enabled: 1
  m_EditorHideFlags: 0
  m_Script: {fileID: 11500000, guid: 467c1e6bb64de664bbba9800bb135078, type: 3}
  m_Name: 
  m_EditorClassIdentifier: 
  NeckPosition: {x: 0, y: .600000024, z: 0}
  EyePosition: {x: 0, y: .150000006, z: .0900000036}
--- !u!124 &147815026
Behaviour:
  m_ObjectHideFlags: 0
  m_PrefabParentObject: {fileID: 12400002, guid: ce816f2e6abb0504092c23ed9b970dfd,
    type: 2}
  m_PrefabInternal: {fileID: 466148478}
  m_GameObject: {fileID: 147815022}
  m_Enabled: 1
--- !u!20 &147815027
Camera:
  m_ObjectHideFlags: 0
  m_PrefabParentObject: {fileID: 2000002, guid: ce816f2e6abb0504092c23ed9b970dfd,
    type: 2}
  m_PrefabInternal: {fileID: 466148478}
  m_GameObject: {fileID: 147815022}
  m_Enabled: 1
  serializedVersion: 2
  m_ClearFlags: 1
  m_BackGroundColor: {r: .192156866, g: .301960796, b: .474509805, a: 0}
  m_NormalizedViewPortRect:
    serializedVersion: 2
    x: .5
    y: 0
    width: .249999896
    height: 1
  near clip plane: .150000006
  far clip plane: 1000
  field of view: 90
  orthographic: 0
  orthographic size: 100
  m_Depth: 1
  m_CullingMask:
    serializedVersion: 2
    m_Bits: 4294967295
  m_RenderingPath: -1
  m_TargetTexture: {fileID: 0}
  m_HDR: 0
  m_OcclusionCulling: 1
--- !u!1 &189658141
GameObject:
  m_ObjectHideFlags: 0
  m_PrefabParentObject: {fileID: 100004, guid: 3c9b27a2e19676247a30e62d9b089992, type: 3}
  m_PrefabInternal: {fileID: 1057072105}
  serializedVersion: 4
  m_Component:
  - 4: {fileID: 189658142}
  - 95: {fileID: 189658143}
  m_Layer: 0
  m_Name: GodHand_Model_Rough01
  m_TagString: Untagged
  m_Icon: {fileID: 0}
  m_NavMeshLayer: 0
  m_StaticEditorFlags: 0
  m_IsActive: 1
--- !u!4 &189658142
Transform:
  m_ObjectHideFlags: 0
  m_PrefabParentObject: {fileID: 400004, guid: 3c9b27a2e19676247a30e62d9b089992, type: 3}
  m_PrefabInternal: {fileID: 1057072105}
  m_GameObject: {fileID: 189658141}
  m_LocalRotation: {x: 0, y: 0, z: 0, w: 1}
  m_LocalPosition: {x: 100, y: 4.40397549, z: 100.291824}
  m_LocalScale: {x: 1, y: 1, z: 1}
  m_Children:
  - {fileID: 1825767836}
  - {fileID: 439719209}
  - {fileID: 962662519}
  m_Father: {fileID: 0}
--- !u!95 &189658143
Animator:
  serializedVersion: 2
  m_ObjectHideFlags: 0
  m_PrefabParentObject: {fileID: 9500000, guid: 3c9b27a2e19676247a30e62d9b089992,
    type: 3}
  m_PrefabInternal: {fileID: 1057072105}
  m_GameObject: {fileID: 189658141}
  m_Enabled: 1
  m_Avatar: {fileID: 9000000, guid: 3c9b27a2e19676247a30e62d9b089992, type: 3}
  m_Controller: {fileID: 0}
  m_CullingMode: 0
  m_ApplyRootMotion: 1
  m_AnimatePhysics: 0
  m_HasTransformHierarchy: 1
--- !u!1 &439719206
GameObject:
  m_ObjectHideFlags: 0
  m_PrefabParentObject: {fileID: 100002, guid: 3c9b27a2e19676247a30e62d9b089992, type: 3}
  m_PrefabInternal: {fileID: 1057072105}
  serializedVersion: 4
  m_Component:
  - 4: {fileID: 439719209}
  - 33: {fileID: 439719208}
  - 23: {fileID: 439719207}
  m_Layer: 0
  m_Name: Cube
  m_TagString: Untagged
  m_Icon: {fileID: 0}
  m_NavMeshLayer: 0
  m_StaticEditorFlags: 0
  m_IsActive: 1
--- !u!23 &439719207
Renderer:
  m_ObjectHideFlags: 0
  m_PrefabParentObject: {fileID: 2300000, guid: 3c9b27a2e19676247a30e62d9b089992,
    type: 3}
  m_PrefabInternal: {fileID: 1057072105}
  m_GameObject: {fileID: 439719206}
  m_Enabled: 1
  m_CastShadows: 1
  m_ReceiveShadows: 1
  m_LightmapIndex: 255
  m_LightmapTilingOffset: {x: 1, y: 1, z: 0, w: 0}
  m_Materials:
  - {fileID: 2100000, guid: 885d2c91b89253d42a024be281db0e81, type: 2}
  m_SubsetIndices: 
  m_StaticBatchRoot: {fileID: 0}
  m_UseLightProbes: 0
  m_LightProbeAnchor: {fileID: 0}
  m_ScaleInLightmap: 1
  m_SortingLayer: 0
  m_SortingOrder: 0
  m_SortingLayerID: 0
--- !u!33 &439719208
MeshFilter:
  m_ObjectHideFlags: 0
  m_PrefabParentObject: {fileID: 3300000, guid: 3c9b27a2e19676247a30e62d9b089992,
    type: 3}
  m_PrefabInternal: {fileID: 1057072105}
  m_GameObject: {fileID: 439719206}
  m_Mesh: {fileID: 4300000, guid: 3c9b27a2e19676247a30e62d9b089992, type: 3}
--- !u!4 &439719209
Transform:
  m_ObjectHideFlags: 0
  m_PrefabParentObject: {fileID: 400002, guid: 3c9b27a2e19676247a30e62d9b089992, type: 3}
  m_PrefabInternal: {fileID: 1057072105}
  m_GameObject: {fileID: 439719206}
  m_LocalRotation: {x: -.707106888, y: 0, z: -0, w: .707106769}
  m_LocalPosition: {x: 0, y: 0, z: 0}
  m_LocalScale: {x: 25, y: 72.5578308, z: 25}
  m_Children: []
  m_Father: {fileID: 189658142}
--- !u!1001 &466148478
Prefab:
  m_ObjectHideFlags: 0
  serializedVersion: 2
  m_Modification:
    m_TransformParent: {fileID: 0}
    m_Modifications:
    - target: {fileID: 400006, guid: ce816f2e6abb0504092c23ed9b970dfd, type: 2}
      propertyPath: m_LocalPosition.x
      value: 100
      objectReference: {fileID: 0}
    - target: {fileID: 400006, guid: ce816f2e6abb0504092c23ed9b970dfd, type: 2}
      propertyPath: m_LocalPosition.y
      value: 7.75306702
      objectReference: {fileID: 0}
    - target: {fileID: 400006, guid: ce816f2e6abb0504092c23ed9b970dfd, type: 2}
      propertyPath: m_LocalPosition.z
      value: 100
      objectReference: {fileID: 0}
    - target: {fileID: 400006, guid: ce816f2e6abb0504092c23ed9b970dfd, type: 2}
      propertyPath: m_LocalRotation.x
      value: 0
      objectReference: {fileID: 0}
    - target: {fileID: 400006, guid: ce816f2e6abb0504092c23ed9b970dfd, type: 2}
      propertyPath: m_LocalRotation.y
      value: 0
      objectReference: {fileID: 0}
    - target: {fileID: 400006, guid: ce816f2e6abb0504092c23ed9b970dfd, type: 2}
      propertyPath: m_LocalRotation.z
      value: 0
      objectReference: {fileID: 0}
    - target: {fileID: 400006, guid: ce816f2e6abb0504092c23ed9b970dfd, type: 2}
      propertyPath: m_LocalRotation.w
      value: 1
      objectReference: {fileID: 0}
    - target: {fileID: 100008, guid: ce816f2e6abb0504092c23ed9b970dfd, type: 2}
      propertyPath: m_IsActive
      value: 0
      objectReference: {fileID: 0}
    m_RemovedComponents: []
  m_ParentPrefab: {fileID: 100100000, guid: ce816f2e6abb0504092c23ed9b970dfd, type: 2}
  m_RootGameObject: {fileID: 1803427754}
  m_IsPrefabParent: 0
  m_IsExploded: 1
--- !u!1 &514851668
GameObject:
  m_ObjectHideFlags: 0
  m_PrefabParentObject: {fileID: 0}
  m_PrefabInternal: {fileID: 0}
  serializedVersion: 4
  m_Component:
  - 4: {fileID: 514851670}
  - 108: {fileID: 514851669}
  m_Layer: 0
  m_Name: Directional light
  m_TagString: Untagged
  m_Icon: {fileID: 0}
  m_NavMeshLayer: 0
  m_StaticEditorFlags: 0
  m_IsActive: 1
--- !u!108 &514851669
Light:
  m_ObjectHideFlags: 0
  m_PrefabParentObject: {fileID: 0}
  m_PrefabInternal: {fileID: 0}
  m_GameObject: {fileID: 514851668}
  m_Enabled: 1
  serializedVersion: 3
  m_Type: 1
  m_Color: {r: 1, g: 1, b: 1, a: 1}
  m_Intensity: .5
  m_Range: 10
  m_SpotAngle: 30
  m_CookieSize: 10
  m_Shadows:
    m_Type: 0
    m_Resolution: -1
    m_Strength: 1
    m_Bias: .0500000007
    m_Softness: 4
    m_SoftnessFade: 1
  m_Cookie: {fileID: 0}
  m_DrawHalo: 0
  m_ActuallyLightmapped: 0
  m_Flare: {fileID: 0}
  m_RenderMode: 0
  m_CullingMask:
    serializedVersion: 2
    m_Bits: 4294967295
  m_Lightmapping: 1
  m_ShadowSamples: 1
  m_ShadowRadius: 0
  m_ShadowAngle: 0
  m_IndirectIntensity: 1
  m_AreaSize: {x: 1, y: 1}
--- !u!4 &514851670
Transform:
  m_ObjectHideFlags: 0
  m_PrefabParentObject: {fileID: 0}
  m_PrefabInternal: {fileID: 0}
  m_GameObject: {fileID: 514851668}
  m_LocalRotation: {x: .408217937, y: -.234569728, z: .109381661, w: .875426114}
  m_LocalPosition: {x: 8.6807518, y: 14.1819134, z: 5.99923944}
  m_LocalScale: {x: 1, y: 1, z: 1}
  m_Children: []
  m_Father: {fileID: 0}
--- !u!1 &962662518
GameObject:
  m_ObjectHideFlags: 0
  m_PrefabParentObject: {fileID: 100006, guid: 3c9b27a2e19676247a30e62d9b089992, type: 3}
  m_PrefabInternal: {fileID: 1057072105}
  serializedVersion: 4
  m_Component:
  - 4: {fileID: 962662519}
  m_Layer: 0
  m_Name: Lamp
  m_TagString: Untagged
  m_Icon: {fileID: 0}
  m_NavMeshLayer: 0
  m_StaticEditorFlags: 0
  m_IsActive: 1
--- !u!4 &962662519
Transform:
  m_ObjectHideFlags: 0
  m_PrefabParentObject: {fileID: 400006, guid: 3c9b27a2e19676247a30e62d9b089992, type: 3}
  m_PrefabInternal: {fileID: 1057072105}
  m_GameObject: {fileID: 962662518}
  m_LocalRotation: {x: .169075772, y: -.755880296, z: .272171319, w: .570947587}
  m_LocalPosition: {x: -.0407624505, y: .0590386204, z: -.010054539}
  m_LocalScale: {x: .99999994, y: 1, z: .999999881}
  m_Children: []
  m_Father: {fileID: 189658142}
--- !u!1 &990770478
GameObject:
  m_ObjectHideFlags: 0
  m_PrefabParentObject: {fileID: 100010, guid: ce816f2e6abb0504092c23ed9b970dfd, type: 2}
  m_PrefabInternal: {fileID: 466148478}
  serializedVersion: 4
  m_Component:
  - 4: {fileID: 990770482}
  - 33: {fileID: 990770481}
  - 136: {fileID: 990770480}
  - 23: {fileID: 990770479}
  - 114: {fileID: 990770483}
  m_Layer: 0
  m_Name: Capsule
  m_TagString: Untagged
  m_Icon: {fileID: 0}
  m_NavMeshLayer: 0
  m_StaticEditorFlags: 0
  m_IsActive: 1
--- !u!23 &990770479
Renderer:
  m_ObjectHideFlags: 0
  m_PrefabParentObject: {fileID: 2300000, guid: ce816f2e6abb0504092c23ed9b970dfd,
    type: 2}
  m_PrefabInternal: {fileID: 466148478}
  m_GameObject: {fileID: 990770478}
  m_Enabled: 1
  m_CastShadows: 1
  m_ReceiveShadows: 1
  m_LightmapIndex: 255
  m_LightmapTilingOffset: {x: 1, y: 1, z: 0, w: 0}
  m_Materials:
  - {fileID: 10302, guid: 0000000000000000f000000000000000, type: 0}
  m_SubsetIndices: 
  m_StaticBatchRoot: {fileID: 0}
  m_UseLightProbes: 0
  m_LightProbeAnchor: {fileID: 0}
  m_ScaleInLightmap: 1
  m_SortingLayer: 0
  m_SortingOrder: 0
  m_SortingLayerID: 0
--- !u!136 &990770480
CapsuleCollider:
  m_ObjectHideFlags: 0
  m_PrefabParentObject: {fileID: 13600000, guid: ce816f2e6abb0504092c23ed9b970dfd,
    type: 2}
  m_PrefabInternal: {fileID: 466148478}
  m_GameObject: {fileID: 990770478}
  m_Material: {fileID: 0}
  m_IsTrigger: 0
  m_Enabled: 1
  m_Radius: .5
  m_Height: 2
  m_Direction: 1
  m_Center: {x: 0, y: 0, z: 0}
--- !u!33 &990770481
MeshFilter:
  m_ObjectHideFlags: 0
  m_PrefabParentObject: {fileID: 3300000, guid: ce816f2e6abb0504092c23ed9b970dfd,
    type: 2}
  m_PrefabInternal: {fileID: 466148478}
  m_GameObject: {fileID: 990770478}
  m_Mesh: {fileID: 10208, guid: 0000000000000000e000000000000000, type: 0}
--- !u!4 &990770482
Transform:
  m_ObjectHideFlags: 0
  m_PrefabParentObject: {fileID: 400010, guid: ce816f2e6abb0504092c23ed9b970dfd, type: 2}
  m_PrefabInternal: {fileID: 466148478}
  m_GameObject: {fileID: 990770478}
  m_LocalRotation: {x: 0, y: 0, z: 0, w: 1}
  m_LocalPosition: {x: 0, y: 0, z: 0}
  m_LocalScale: {x: 1, y: 1, z: 1}
  m_Children: []
  m_Father: {fileID: 1991950900}
--- !u!114 &990770483
MonoBehaviour:
  m_ObjectHideFlags: 0
  m_PrefabParentObject: {fileID: 0}
  m_PrefabInternal: {fileID: 0}
  m_GameObject: {fileID: 990770478}
  m_Enabled: 1
  m_EditorHideFlags: 0
  m_Script: {fileID: 11500000, guid: 6d37480150aa7e346bfeae499e19b48b, type: 3}
  m_Name: 
  m_EditorClassIdentifier: 
--- !u!1001 &1057072105
Prefab:
  m_ObjectHideFlags: 0
  serializedVersion: 2
  m_Modification:
    m_TransformParent: {fileID: 0}
    m_Modifications:
    - target: {fileID: 400004, guid: 3c9b27a2e19676247a30e62d9b089992, type: 3}
      propertyPath: m_LocalPosition.x
      value: 100
      objectReference: {fileID: 0}
    - target: {fileID: 400004, guid: 3c9b27a2e19676247a30e62d9b089992, type: 3}
      propertyPath: m_LocalPosition.y
      value: 4.40397549
      objectReference: {fileID: 0}
    - target: {fileID: 400004, guid: 3c9b27a2e19676247a30e62d9b089992, type: 3}
      propertyPath: m_LocalPosition.z
      value: 100.291824
      objectReference: {fileID: 0}
    - target: {fileID: 400004, guid: 3c9b27a2e19676247a30e62d9b089992, type: 3}
      propertyPath: m_LocalRotation.x
      value: 0
      objectReference: {fileID: 0}
    - target: {fileID: 400004, guid: 3c9b27a2e19676247a30e62d9b089992, type: 3}
      propertyPath: m_LocalRotation.y
      value: 0
      objectReference: {fileID: 0}
    - target: {fileID: 400004, guid: 3c9b27a2e19676247a30e62d9b089992, type: 3}
      propertyPath: m_LocalRotation.z
      value: 0
      objectReference: {fileID: 0}
    - target: {fileID: 400004, guid: 3c9b27a2e19676247a30e62d9b089992, type: 3}
      propertyPath: m_LocalRotation.w
      value: 1
      objectReference: {fileID: 0}
    m_RemovedComponents: []
  m_ParentPrefab: {fileID: 100100000, guid: 3c9b27a2e19676247a30e62d9b089992, type: 3}
  m_RootGameObject: {fileID: 189658141}
  m_IsPrefabParent: 0
  m_IsExploded: 1
--- !u!1001 &1093919094
Prefab:
  m_ObjectHideFlags: 0
  serializedVersion: 2
  m_Modification:
    m_TransformParent: {fileID: 0}
    m_Modifications:
    - target: {fileID: 400000, guid: b809d6181b879d948b641e23dc7339da, type: 2}
      propertyPath: m_LocalPosition.x
      value: 6.12798882
      objectReference: {fileID: 0}
    - target: {fileID: 400000, guid: b809d6181b879d948b641e23dc7339da, type: 2}
      propertyPath: m_LocalPosition.y
      value: 8.09738255
      objectReference: {fileID: 0}
    - target: {fileID: 400000, guid: b809d6181b879d948b641e23dc7339da, type: 2}
      propertyPath: m_LocalPosition.z
      value: 10.4207544
      objectReference: {fileID: 0}
    - target: {fileID: 400000, guid: b809d6181b879d948b641e23dc7339da, type: 2}
      propertyPath: m_LocalRotation.x
      value: 0
      objectReference: {fileID: 0}
    - target: {fileID: 400000, guid: b809d6181b879d948b641e23dc7339da, type: 2}
      propertyPath: m_LocalRotation.y
      value: 0
      objectReference: {fileID: 0}
    - target: {fileID: 400000, guid: b809d6181b879d948b641e23dc7339da, type: 2}
      propertyPath: m_LocalRotation.z
      value: 0
      objectReference: {fileID: 0}
    - target: {fileID: 400000, guid: b809d6181b879d948b641e23dc7339da, type: 2}
      propertyPath: m_LocalRotation.w
      value: 1
      objectReference: {fileID: 0}
    m_RemovedComponents: []
  m_ParentPrefab: {fileID: 100100000, guid: b809d6181b879d948b641e23dc7339da, type: 2}
  m_RootGameObject: {fileID: 1735341195}
  m_IsPrefabParent: 0
  m_IsExploded: 1
--- !u!1 &1438408107
GameObject:
  m_ObjectHideFlags: 0
  m_PrefabParentObject: {fileID: 100000, guid: 0b2fef3450d7ff4489ee3306547e5ff2, type: 2}
  m_PrefabInternal: {fileID: 1773527833}
  serializedVersion: 4
  m_Component:
  - 4: {fileID: 1438408111}
  - 33: {fileID: 1438408110}
  - 23: {fileID: 1438408109}
  - 95: {fileID: 1438408108}
  m_Layer: 0
  m_Name: SkyBox
  m_TagString: Untagged
  m_Icon: {fileID: 0}
  m_NavMeshLayer: 0
  m_StaticEditorFlags: 0
  m_IsActive: 1
--- !u!95 &1438408108
Animator:
  serializedVersion: 2
  m_ObjectHideFlags: 0
  m_PrefabParentObject: {fileID: 9500000, guid: 0b2fef3450d7ff4489ee3306547e5ff2,
    type: 2}
  m_PrefabInternal: {fileID: 1773527833}
  m_GameObject: {fileID: 1438408107}
  m_Enabled: 1
  m_Avatar: {fileID: 9000000, guid: 745d45a3c3964174b988d7423b8ed874, type: 3}
  m_Controller: {fileID: 0}
  m_CullingMode: 1
  m_ApplyRootMotion: 1
  m_AnimatePhysics: 0
  m_HasTransformHierarchy: 1
--- !u!23 &1438408109
Renderer:
  m_ObjectHideFlags: 0
  m_PrefabParentObject: {fileID: 2300000, guid: 0b2fef3450d7ff4489ee3306547e5ff2,
    type: 2}
  m_PrefabInternal: {fileID: 1773527833}
  m_GameObject: {fileID: 1438408107}
  m_Enabled: 1
  m_CastShadows: 0
  m_ReceiveShadows: 0
  m_LightmapIndex: 255
  m_LightmapTilingOffset: {x: 1, y: 1, z: 0, w: 0}
  m_Materials:
  - {fileID: 2100000, guid: bddefe7cccda1e749b3261772accbd53, type: 2}
  - {fileID: 2100000, guid: 97d6bfaf23d3f384a92c01e6c90aba6a, type: 2}
  - {fileID: 2100000, guid: 99f7854fc4d65704e8c4d8a2150453ff, type: 2}
  - {fileID: 2100000, guid: 8b76631b70938704b8641f7dab4c1a31, type: 2}
  - {fileID: 2100000, guid: d4ff0675cff242f43b06a2a654e0e11a, type: 2}
  m_SubsetIndices: 
  m_StaticBatchRoot: {fileID: 0}
  m_UseLightProbes: 0
  m_LightProbeAnchor: {fileID: 0}
  m_ScaleInLightmap: 1
  m_SortingLayer: 0
  m_SortingOrder: 0
  m_SortingLayerID: 0
--- !u!33 &1438408110
MeshFilter:
  m_ObjectHideFlags: 0
  m_PrefabParentObject: {fileID: 3300000, guid: 0b2fef3450d7ff4489ee3306547e5ff2,
    type: 2}
  m_PrefabInternal: {fileID: 1773527833}
  m_GameObject: {fileID: 1438408107}
  m_Mesh: {fileID: 4300000, guid: 745d45a3c3964174b988d7423b8ed874, type: 3}
--- !u!4 &1438408111
Transform:
  m_ObjectHideFlags: 0
  m_PrefabParentObject: {fileID: 400000, guid: 0b2fef3450d7ff4489ee3306547e5ff2, type: 2}
  m_PrefabInternal: {fileID: 1773527833}
  m_GameObject: {fileID: 1438408107}
  m_LocalRotation: {x: -.5, y: .5, z: .5, w: .5}
  m_LocalPosition: {x: 0, y: 0, z: 0}
  m_LocalScale: {x: 923.250793, y: 923.250793, z: 923.250793}
  m_Children: []
  m_Father: {fileID: 0}
--- !u!1 &1441767340
GameObject:
  m_ObjectHideFlags: 0
  m_PrefabParentObject: {fileID: 100004, guid: ce816f2e6abb0504092c23ed9b970dfd, type: 2}
  m_PrefabInternal: {fileID: 466148478}
  serializedVersion: 4
  m_Component:
  - 4: {fileID: 1441767341}
  - 114: {fileID: 1441767343}
  - 114: {fileID: 1441767342}
  m_Layer: 8
  m_Name: OVRCameraController
  m_TagString: Untagged
  m_Icon: {fileID: 0}
  m_NavMeshLayer: 0
  m_StaticEditorFlags: 0
  m_IsActive: 1
--- !u!4 &1441767341
Transform:
  m_ObjectHideFlags: 0
  m_PrefabParentObject: {fileID: 400008, guid: ce816f2e6abb0504092c23ed9b970dfd, type: 2}
  m_PrefabInternal: {fileID: 466148478}
  m_GameObject: {fileID: 1441767340}
  m_LocalRotation: {x: 0, y: 0, z: 0, w: 1}
  m_LocalPosition: {x: 0, y: 0, z: 0}
  m_LocalScale: {x: 1, y: 1, z: 1}
  m_Children:
  - {fileID: 147815023}
  - {fileID: 1992466951}
  m_Father: {fileID: 1803427755}
--- !u!114 &1441767342
MonoBehaviour:
  m_ObjectHideFlags: 0
  m_PrefabParentObject: {fileID: 11400016, guid: ce816f2e6abb0504092c23ed9b970dfd,
    type: 2}
  m_PrefabInternal: {fileID: 466148478}
  m_GameObject: {fileID: 1441767340}
  m_Enabled: 1
  m_EditorHideFlags: 0
  m_Script: {fileID: 11500000, guid: 7e933e81d3c20c74ea6fdc708a67e3a5, type: 3}
  m_Name: 
  m_EditorClassIdentifier: 
  InitialPredictionTime: .0299999993
  ResetTrackerOnLoad: 1
--- !u!114 &1441767343
MonoBehaviour:
  m_ObjectHideFlags: 0
  m_PrefabParentObject: {fileID: 11400014, guid: ce816f2e6abb0504092c23ed9b970dfd,
    type: 2}
  m_PrefabInternal: {fileID: 466148478}
  m_GameObject: {fileID: 1441767340}
  m_Enabled: 1
  m_EditorHideFlags: 0
  m_Script: {fileID: 11500000, guid: df9f338034892c44ebb62d97894772f1, type: 3}
  m_Name: 
  m_EditorClassIdentifier: 
  ipd: .061999999
  verticalFOV: 90
  CameraRootPosition: {x: 0, y: 1, z: 0}
  NeckPosition: {x: 0, y: .699999988, z: 0}
  EyeCenterPosition: {x: 0, y: .150000006, z: .0900000036}
  UsePlayerEyeHeight: 0
  FollowOrientation: {fileID: 0}
  TrackerRotatesY: 1
  PortraitMode: 0
  EnableOrientation: 1
  PredictionOn: 1
  CallInPreRender: 0
  WireMode: 0
  LensCorrection: 1
  Chromatic: 1
  backgroundColor: {r: .192000002, g: .301999986, b: .474999994, a: 1}
  nearClipPlane: .150000006
  farClipPlane: 1000
--- !u!1 &1666275256
GameObject:
  m_ObjectHideFlags: 0
  m_PrefabParentObject: {fileID: 0}
  m_PrefabInternal: {fileID: 0}
  serializedVersion: 4
  m_Component:
  - 4: {fileID: 1666275257}
  m_Layer: 0
  m_Name: God
  m_TagString: Untagged
  m_Icon: {fileID: 0}
  m_NavMeshLayer: 0
  m_StaticEditorFlags: 0
  m_IsActive: 1
--- !u!4 &1666275257
Transform:
  m_ObjectHideFlags: 0
  m_PrefabParentObject: {fileID: 0}
  m_PrefabInternal: {fileID: 0}
  m_GameObject: {fileID: 1666275256}
  m_LocalRotation: {x: .707106829, y: 0, z: 0, w: .707106829}
  m_LocalPosition: {x: 200, y: 380, z: 200}
  m_LocalScale: {x: 1, y: 1, z: 1}
  m_Children:
  - {fileID: 1788117058}
  m_Father: {fileID: 0}
--- !u!1 &1735341195
GameObject:
  m_ObjectHideFlags: 0
  m_PrefabParentObject: {fileID: 100000, guid: b809d6181b879d948b641e23dc7339da, type: 2}
  m_PrefabInternal: {fileID: 1093919094}
  serializedVersion: 4
  m_Component:
  - 4: {fileID: 1735341198}
  - 114: {fileID: 1735341197}
  - 114: {fileID: 1735341196}
  m_Layer: 0
  m_Name: Scripts
  m_TagString: Untagged
  m_Icon: {fileID: 0}
  m_NavMeshLayer: 0
  m_StaticEditorFlags: 0
  m_IsActive: 1
--- !u!114 &1735341196
MonoBehaviour:
  m_ObjectHideFlags: 0
  m_PrefabParentObject: {fileID: 0}
  m_PrefabInternal: {fileID: 0}
  m_GameObject: {fileID: 1735341195}
  m_Enabled: 1
  m_EditorHideFlags: 0
  m_Script: {fileID: 11500000, guid: f546dff077d08534ab16d5ba189b1bee, type: 3}
  m_Name: 
  m_EditorClassIdentifier: 
  BaseCube: {fileID: 100000, guid: 79715f3e195af834086f5e6b5ba3ca3f, type: 2}
  WinZone: {fileID: 100000, guid: b9846fc763834ac4188b62b164d69b57, type: 2}
  Player: {fileID: 1803427754}
  Tree1: {fileID: 100000, guid: a5cabf84decdfb148afdfeb52303545d, type: 2}
  Tree2: {fileID: 100000, guid: 430ed8aecc4b1274896c88ac0f2a14bd, type: 2}
--- !u!114 &1735341197
MonoBehaviour:
  m_ObjectHideFlags: 0
  m_PrefabParentObject: {fileID: 11400000, guid: b809d6181b879d948b641e23dc7339da,
    type: 2}
  m_PrefabInternal: {fileID: 1093919094}
  m_GameObject: {fileID: 1735341195}
  m_Enabled: 0
  m_EditorHideFlags: 0
  m_Script: {fileID: 11500000, guid: 9832bc2803985c247bdf07a08c4c2ffc, type: 3}
  m_Name: 
  m_EditorClassIdentifier: 
  cursorTexture: {fileID: 2800000, guid: cdd71f2db862e5346acc9a0c1a669aa8, type: 3}
  cursorMode: 0
  hotSpot: {x: 0, y: 0}
--- !u!4 &1735341198
Transform:
  m_ObjectHideFlags: 0
  m_PrefabParentObject: {fileID: 400000, guid: b809d6181b879d948b641e23dc7339da, type: 2}
  m_PrefabInternal: {fileID: 1093919094}
  m_GameObject: {fileID: 1735341195}
  m_LocalRotation: {x: 0, y: 0, z: 0, w: 1}
  m_LocalPosition: {x: 6.12798882, y: 8.09738255, z: 10.4207544}
  m_LocalScale: {x: 1, y: 1, z: 1}
  m_Children: []
  m_Father: {fileID: 0}
--- !u!1001 &1773527833
Prefab:
  m_ObjectHideFlags: 0
  serializedVersion: 2
  m_Modification:
    m_TransformParent: {fileID: 0}
    m_Modifications:
    - target: {fileID: 400000, guid: 0b2fef3450d7ff4489ee3306547e5ff2, type: 2}
      propertyPath: m_LocalPosition.x
      value: 0
      objectReference: {fileID: 0}
    - target: {fileID: 400000, guid: 0b2fef3450d7ff4489ee3306547e5ff2, type: 2}
      propertyPath: m_LocalPosition.y
      value: 0
      objectReference: {fileID: 0}
    - target: {fileID: 400000, guid: 0b2fef3450d7ff4489ee3306547e5ff2, type: 2}
      propertyPath: m_LocalPosition.z
      value: 0
      objectReference: {fileID: 0}
    - target: {fileID: 400000, guid: 0b2fef3450d7ff4489ee3306547e5ff2, type: 2}
      propertyPath: m_LocalRotation.x
      value: -.5
      objectReference: {fileID: 0}
    - target: {fileID: 400000, guid: 0b2fef3450d7ff4489ee3306547e5ff2, type: 2}
      propertyPath: m_LocalRotation.y
      value: .5
      objectReference: {fileID: 0}
    - target: {fileID: 400000, guid: 0b2fef3450d7ff4489ee3306547e5ff2, type: 2}
      propertyPath: m_LocalRotation.z
      value: .5
      objectReference: {fileID: 0}
    - target: {fileID: 400000, guid: 0b2fef3450d7ff4489ee3306547e5ff2, type: 2}
      propertyPath: m_LocalRotation.w
      value: .5
      objectReference: {fileID: 0}
    - target: {fileID: 100000, guid: 0b2fef3450d7ff4489ee3306547e5ff2, type: 2}
      propertyPath: m_IsActive
      value: 1
      objectReference: {fileID: 0}
    m_RemovedComponents: []
  m_ParentPrefab: {fileID: 100100000, guid: 0b2fef3450d7ff4489ee3306547e5ff2, type: 2}
  m_RootGameObject: {fileID: 1438408107}
  m_IsPrefabParent: 0
  m_IsExploded: 1
--- !u!1 &1788117053
GameObject:
  m_ObjectHideFlags: 0
  m_PrefabParentObject: {fileID: 0}
  m_PrefabInternal: {fileID: 0}
  serializedVersion: 4
  m_Component:
  - 4: {fileID: 1788117058}
  - 20: {fileID: 1788117057}
  - 124: {fileID: 1788117056}
  - 92: {fileID: 1788117055}
  - 81: {fileID: 1788117054}
  m_Layer: 0
  m_Name: GodCamera
  m_TagString: Untagged
  m_Icon: {fileID: 0}
  m_NavMeshLayer: 0
  m_StaticEditorFlags: 0
  m_IsActive: 1
--- !u!81 &1788117054
AudioListener:
  m_ObjectHideFlags: 0
  m_PrefabParentObject: {fileID: 0}
  m_PrefabInternal: {fileID: 0}
  m_GameObject: {fileID: 1788117053}
  m_Enabled: 0
--- !u!92 &1788117055
Behaviour:
  m_ObjectHideFlags: 0
  m_PrefabParentObject: {fileID: 0}
  m_PrefabInternal: {fileID: 0}
  m_GameObject: {fileID: 1788117053}
  m_Enabled: 1
--- !u!124 &1788117056
Behaviour:
  m_ObjectHideFlags: 0
  m_PrefabParentObject: {fileID: 0}
  m_PrefabInternal: {fileID: 0}
  m_GameObject: {fileID: 1788117053}
  m_Enabled: 1
--- !u!20 &1788117057
Camera:
  m_ObjectHideFlags: 0
  m_PrefabParentObject: {fileID: 0}
  m_PrefabInternal: {fileID: 0}
  m_GameObject: {fileID: 1788117053}
  m_Enabled: 1
  serializedVersion: 2
  m_ClearFlags: 1
  m_BackGroundColor: {r: .192156866, g: .301960796, b: .474509805, a: .0196078438}
  m_NormalizedViewPortRect:
    serializedVersion: 2
    x: 0
    y: 0
    width: .5
    height: 1
  near clip plane: .300000012
  far clip plane: 1000
  field of view: 60
  orthographic: 0
  orthographic size: 5
  m_Depth: 0
  m_CullingMask:
    serializedVersion: 2
    m_Bits: 4294967295
  m_RenderingPath: -1
  m_TargetTexture: {fileID: 0}
  m_HDR: 0
  m_OcclusionCulling: 1
--- !u!4 &1788117058
Transform:
  m_ObjectHideFlags: 0
  m_PrefabParentObject: {fileID: 0}
  m_PrefabInternal: {fileID: 0}
  m_GameObject: {fileID: 1788117053}
  m_LocalRotation: {x: 0, y: 0, z: 0, w: 1}
  m_LocalPosition: {x: 0, y: 1.28375399, z: -1.53035387e-07}
  m_LocalScale: {x: 1, y: 1, z: 1}
  m_Children: []
  m_Father: {fileID: 1666275257}
--- !u!1 &1791228530
GameObject:
  m_ObjectHideFlags: 0
  m_PrefabParentObject: {fileID: 0}
  m_PrefabInternal: {fileID: 0}
  serializedVersion: 4
  m_Component:
  - 4: {fileID: 1791228534}
  - 33: {fileID: 1791228533}
  - 64: {fileID: 1791228532}
  - 23: {fileID: 1791228531}
  m_Layer: 0
  m_Name: Ground
  m_TagString: Untagged
  m_Icon: {fileID: 0}
  m_NavMeshLayer: 0
  m_StaticEditorFlags: 0
  m_IsActive: 1
--- !u!23 &1791228531
Renderer:
  m_ObjectHideFlags: 0
  m_PrefabParentObject: {fileID: 0}
  m_PrefabInternal: {fileID: 0}
  m_GameObject: {fileID: 1791228530}
  m_Enabled: 1
  m_CastShadows: 1
  m_ReceiveShadows: 1
  m_LightmapIndex: 255
  m_LightmapTilingOffset: {x: 1, y: 1, z: 0, w: 0}
  m_Materials:
  - {fileID: 2100000, guid: 39ca8f31408f7a547be025bdc3208d25, type: 2}
  m_SubsetIndices: 
  m_StaticBatchRoot: {fileID: 0}
  m_UseLightProbes: 0
  m_LightProbeAnchor: {fileID: 0}
  m_ScaleInLightmap: 1
  m_SortingLayer: 0
  m_SortingOrder: 0
  m_SortingLayerID: 0
--- !u!64 &1791228532
MeshCollider:
  m_ObjectHideFlags: 0
  m_PrefabParentObject: {fileID: 0}
  m_PrefabInternal: {fileID: 0}
  m_GameObject: {fileID: 1791228530}
  m_Material: {fileID: 0}
  m_IsTrigger: 0
  m_Enabled: 1
  serializedVersion: 2
  m_SmoothSphereCollisions: 0
  m_Convex: 0
  m_Mesh: {fileID: 10209, guid: 0000000000000000e000000000000000, type: 0}
--- !u!33 &1791228533
MeshFilter:
  m_ObjectHideFlags: 0
  m_PrefabParentObject: {fileID: 0}
  m_PrefabInternal: {fileID: 0}
  m_GameObject: {fileID: 1791228530}
  m_Mesh: {fileID: 10209, guid: 0000000000000000e000000000000000, type: 0}
--- !u!4 &1791228534
Transform:
  m_ObjectHideFlags: 0
  m_PrefabParentObject: {fileID: 0}
  m_PrefabInternal: {fileID: 0}
  m_GameObject: {fileID: 1791228530}
  m_LocalRotation: {x: 0, y: 0, z: 0, w: 1}
  m_LocalPosition: {x: 0, y: 0, z: 0}
  m_LocalScale: {x: 562.432556, y: 562.432556, z: 562.432556}
  m_Children: []
  m_Father: {fileID: 0}
--- !u!1 &1803427754
GameObject:
  m_ObjectHideFlags: 0
  m_PrefabParentObject: {fileID: 100008, guid: ce816f2e6abb0504092c23ed9b970dfd, type: 2}
  m_PrefabInternal: {fileID: 466148478}
  serializedVersion: 4
  m_Component:
  - 4: {fileID: 1803427755}
  - 143: {fileID: 1803427759}
  - 114: {fileID: 1803427758}
  - 114: {fileID: 1803427757}
  - 114: {fileID: 1803427756}
  m_Layer: 9
  m_Name: OVRPlayerController
  m_TagString: Untagged
  m_Icon: {fileID: 0}
  m_NavMeshLayer: 0
  m_StaticEditorFlags: 0
  m_IsActive: 0
--- !u!4 &1803427755
Transform:
  m_ObjectHideFlags: 0
  m_PrefabParentObject: {fileID: 400006, guid: ce816f2e6abb0504092c23ed9b970dfd, type: 2}
  m_PrefabInternal: {fileID: 466148478}
  m_GameObject: {fileID: 1803427754}
  m_LocalRotation: {x: 0, y: 0, z: 0, w: 1}
  m_LocalPosition: {x: 100, y: 7.75306702, z: 100}
  m_LocalScale: {x: 1, y: 1, z: 1}
  m_Children:
  - {fileID: 1991950900}
  - {fileID: 1441767341}
  m_Father: {fileID: 0}
--- !u!114 &1803427756
MonoBehaviour:
  m_ObjectHideFlags: 0
  m_PrefabParentObject: {fileID: 11400012, guid: ce816f2e6abb0504092c23ed9b970dfd,
    type: 2}
  m_PrefabInternal: {fileID: 466148478}
  m_GameObject: {fileID: 1803427754}
  m_Enabled: 1
  m_EditorHideFlags: 0
  m_Script: {fileID: 11500000, guid: e437ffb7de5844b42b64f89763daf449, type: 3}
  m_Name: 
  m_EditorClassIdentifier: 
  FadeInTime: 2
  FadeInTexture: {fileID: 2800000, guid: a025c23fceb7d4966b603419f551ce99, type: 3}
  FontReplace: {fileID: 0}
  SceneNames: []
  Scenes: []
  IPDIncrement: .000250000012
  PredictionIncrement: .00100000005
  FOVIncrement: .200000003
  DistKIncrement: .00100000005
  HeightIncrement: .00999999978
  SpeedRotationIncrement: .0500000007
  CrosshairImage: {fileID: 2800000, guid: 64ce76f827a71b44da62c30c0b506fd2, type: 3}
--- !u!114 &1803427757
MonoBehaviour:
  m_ObjectHideFlags: 0
  m_PrefabParentObject: {fileID: 11400010, guid: ce816f2e6abb0504092c23ed9b970dfd,
    type: 2}
  m_PrefabInternal: {fileID: 466148478}
  m_GameObject: {fileID: 1803427754}
  m_Enabled: 1
  m_EditorHideFlags: 0
  m_Script: {fileID: 11500000, guid: 0950df82e7936c84983497630bde5b54, type: 3}
  m_Name: 
  m_EditorClassIdentifier: 
  Acceleration: .0500000007
  Damping: .200000003
  BackAndSideDampen: .5
  JumpForce: .300000012
  RotationAmount: 1.5
  GravityModifier: .379000008
--- !u!114 &1803427758
MonoBehaviour:
  m_ObjectHideFlags: 0
  m_PrefabParentObject: {fileID: 11400008, guid: ce816f2e6abb0504092c23ed9b970dfd,
    type: 2}
  m_PrefabInternal: {fileID: 466148478}
  m_GameObject: {fileID: 1803427754}
  m_Enabled: 1
  m_EditorHideFlags: 0
  m_Script: {fileID: 11500000, guid: 1bf170db1c6a44a44941f0cfb6048fd4, type: 3}
  m_Name: 
  m_EditorClassIdentifier: 
--- !u!143 &1803427759
CharacterController:
  m_ObjectHideFlags: 0
  m_PrefabParentObject: {fileID: 14300000, guid: ce816f2e6abb0504092c23ed9b970dfd,
    type: 2}
  m_PrefabInternal: {fileID: 466148478}
  m_GameObject: {fileID: 1803427754}
  serializedVersion: 2
  m_Height: 2
  m_Radius: .5
  m_SlopeLimit: 45
  m_StepOffset: .300000012
  m_SkinWidth: .0799999982
  m_MinMoveDistance: 0
  m_Center: {x: 0, y: 0, z: 0}
--- !u!1 &1825767835
GameObject:
  m_ObjectHideFlags: 0
  m_PrefabParentObject: {fileID: 100000, guid: 3c9b27a2e19676247a30e62d9b089992, type: 3}
  m_PrefabInternal: {fileID: 1057072105}
  serializedVersion: 4
  m_Component:
  - 4: {fileID: 1825767836}
  m_Layer: 0
  m_Name: Camera
  m_TagString: Untagged
  m_Icon: {fileID: 0}
  m_NavMeshLayer: 0
  m_StaticEditorFlags: 0
  m_IsActive: 1
--- !u!4 &1825767836
Transform:
  m_ObjectHideFlags: 0
  m_PrefabParentObject: {fileID: 400000, guid: 3c9b27a2e19676247a30e62d9b089992, type: 3}
  m_PrefabInternal: {fileID: 1057072105}
  m_GameObject: {fileID: 1825767835}
  m_LocalRotation: {x: .210611343, y: .905240178, z: -.089281708, w: -.358066887}
  m_LocalPosition: {x: -.074811317, y: .0534366518, z: .0650763959}
  m_LocalScale: {x: 1, y: .999999881, z: .99999994}
  m_Children: []
  m_Father: {fileID: 189658142}
--- !u!1 &1991950899
GameObject:
  m_ObjectHideFlags: 0
  m_PrefabParentObject: {fileID: 100006, guid: ce816f2e6abb0504092c23ed9b970dfd, type: 2}
  m_PrefabInternal: {fileID: 466148478}
  serializedVersion: 4
  m_Component:
  - 4: {fileID: 1991950900}
  m_Layer: 0
  m_Name: ForwardDirection
  m_TagString: Untagged
  m_Icon: {fileID: 0}
  m_NavMeshLayer: 0
  m_StaticEditorFlags: 0
  m_IsActive: 1
--- !u!4 &1991950900
Transform:
  m_ObjectHideFlags: 0
  m_PrefabParentObject: {fileID: 400002, guid: ce816f2e6abb0504092c23ed9b970dfd, type: 2}
  m_PrefabInternal: {fileID: 466148478}
  m_GameObject: {fileID: 1991950899}
  m_LocalRotation: {x: 0, y: 0, z: 0, w: 1}
  m_LocalPosition: {x: 0, y: 0, z: 0}
  m_LocalScale: {x: 1, y: 1, z: 1}
  m_Children:
  - {fileID: 990770482}
  m_Father: {fileID: 1803427755}
--- !u!1 &1992466945
GameObject:
  m_ObjectHideFlags: 0
  m_PrefabParentObject: {fileID: 100000, guid: ce816f2e6abb0504092c23ed9b970dfd, type: 2}
  m_PrefabInternal: {fileID: 466148478}
  serializedVersion: 4
  m_Component:
  - 4: {fileID: 1992466951}
  - 20: {fileID: 1992466950}
  - 124: {fileID: 1992466949}
  - 81: {fileID: 1992466948}
  - 114: {fileID: 1992466947}
  - 114: {fileID: 1992466946}
  m_Layer: 8
  m_Name: CameraRight
  m_TagString: MainCamera
  m_Icon: {fileID: 0}
  m_NavMeshLayer: 0
  m_StaticEditorFlags: 0
  m_IsActive: 1
--- !u!114 &1992466946
MonoBehaviour:
  m_ObjectHideFlags: 0
  m_PrefabParentObject: {fileID: 11400002, guid: ce816f2e6abb0504092c23ed9b970dfd,
    type: 2}
  m_PrefabInternal: {fileID: 466148478}
  m_GameObject: {fileID: 1992466945}
  m_Enabled: 1
  m_EditorHideFlags: 0
  m_Script: {fileID: 11500000, guid: f5be85f8438ca3145aac56e800a217cf, type: 3}
  m_Name: 
  m_EditorClassIdentifier: 
  material: {fileID: 2100000, guid: fa77fe97b0170804ab2b486d1cf3042f, type: 2}
  _Center: {x: .5, y: .5}
  _ScaleIn: {x: 1, y: 1}
  _Scale: {x: 1, y: 1}
  _HmdWarpParam: {x: 1, y: 0, z: 0, w: 0}
  material_CA: {fileID: 2100000, guid: 700ec7db7ac6ff24f9f4a3d4cd157910, type: 2}
  _ChromaticAberration: {x: .995999992, y: .991999984, z: 1.01400006, w: 1.01400006}
--- !u!114 &1992466947
MonoBehaviour:
  m_ObjectHideFlags: 0
  m_PrefabParentObject: {fileID: 11400000, guid: ce816f2e6abb0504092c23ed9b970dfd,
    type: 2}
  m_PrefabInternal: {fileID: 466148478}
  m_GameObject: {fileID: 1992466945}
  m_Enabled: 1
  m_EditorHideFlags: 0
  m_Script: {fileID: 11500000, guid: 467c1e6bb64de664bbba9800bb135078, type: 3}
  m_Name: 
  m_EditorClassIdentifier: 
  NeckPosition: {x: 0, y: .600000024, z: 0}
  EyePosition: {x: 0, y: .150000006, z: .0900000036}
--- !u!81 &1992466948
AudioListener:
  m_ObjectHideFlags: 0
  m_PrefabParentObject: {fileID: 8100000, guid: ce816f2e6abb0504092c23ed9b970dfd,
    type: 2}
  m_PrefabInternal: {fileID: 466148478}
  m_GameObject: {fileID: 1992466945}
  m_Enabled: 1
--- !u!124 &1992466949
Behaviour:
  m_ObjectHideFlags: 0
  m_PrefabParentObject: {fileID: 12400000, guid: ce816f2e6abb0504092c23ed9b970dfd,
    type: 2}
  m_PrefabInternal: {fileID: 466148478}
  m_GameObject: {fileID: 1992466945}
  m_Enabled: 1
--- !u!20 &1992466950
Camera:
  m_ObjectHideFlags: 0
  m_PrefabParentObject: {fileID: 2000000, guid: ce816f2e6abb0504092c23ed9b970dfd,
    type: 2}
  m_PrefabInternal: {fileID: 466148478}
  m_GameObject: {fileID: 1992466945}
  m_Enabled: 1
  serializedVersion: 2
  m_ClearFlags: 1
  m_BackGroundColor: {r: .192156866, g: .301960796, b: .474509805, a: 0}
  m_NormalizedViewPortRect:
    serializedVersion: 2
    x: .75
    y: 0
    width: .249999896
    height: 1
  near clip plane: .150000006
  far clip plane: 1000
  field of view: 90
  orthographic: 0
  orthographic size: 100
  m_Depth: 0
  m_CullingMask:
    serializedVersion: 2
    m_Bits: 4294967295
  m_RenderingPath: -1
  m_TargetTexture: {fileID: 0}
  m_HDR: 0
  m_OcclusionCulling: 1
--- !u!4 &1992466951
Transform:
  m_ObjectHideFlags: 0
  m_PrefabParentObject: {fileID: 400000, guid: ce816f2e6abb0504092c23ed9b970dfd, type: 2}
  m_PrefabInternal: {fileID: 466148478}
  m_GameObject: {fileID: 1992466945}
  m_LocalRotation: {x: 0, y: 0, z: 0, w: 1}
  m_LocalPosition: {x: 0, y: 0, z: 0}
  m_LocalScale: {x: 1, y: 1, z: 1}
  m_Children: []
  m_Father: {fileID: 1441767341}
